@book{example,
    author = {Ing. Cognito},
    title = {A Great Book},
    publisher = {TFE4152 Publishing},
    year = {2023}
}

@book{digital_design,
author = {M. Morris Mano},
title = {Digital Design},
publisher = {Prentice Hall},
year = {2013}}

@misc{project_description,
  author = {NTNU, Department of Electronic Systems},
  month = {10},
  title = {Project in TFE4152 Design of Integrated Circuits},
  url = {https://learn-eu-central-1-prod-fleet01-xythos.content.blackboardcdn.com/5def77a38a2f7/33115628?X-Blackboard-S3-Bucket=learn-eu-central-1-prod-fleet01-xythos&X-Blackboard-Expiration=1697716800000&X-Blackboard-Signature=tPCdfUeEgZjycKYJ44HJwEvmzH7yZB3q7PCk%2Bx2cIlU%3D&X-Blackboard-Client-Id=303508&X-Blackboard-S3-Region=eu-central-1&response-cache-control=private%2C%20max-age%3D21600&response-content-disposition=inline%3B%20filename%2A%3DUTF-8%27%27tfe4152_project2023.pdf&response-content-type=application%2Fpdf&X-Amz-Security-Token=IQoJb3JpZ2luX2VjEKD%2F%2F%2F%2F%2F%2F%2F%2F%2F%2FwEaDGV1LWNlbnRyYWwtMSJHMEUCIFeIn8nEPpY1%2BCga4ed7o3bJURSVD%2B2zSoZ1ZuilD7lVAiEAsQh7yCp4OdzOlkCeyMHG05tFHyL3MiLjKReJnupU3FEqxwUIuf%2F%2F%2F%2F%2F%2F%2F%2F%2F%2FARADGgw2MzU1Njc5MjQxODMiDLehhig4t5Cdex0ipyqbBaaMtNVPxUetitUgmASLM4g8TtASgUtt4uDhtD6zfU%2B6%2FQgMOv3NXrfJ88qgMUjxDJH4B3pE5tgae6lAB2ZQAxkPrSMuDVV%2BwM9u6ihLqb5td1Wzp0WBSttE0vNqrGjdX72FEX6M9U8hi2j6L4m8JiZImXFcOhk4NruIl2c%2F7UZtfeZkRBIeVADjR1cnKr%2FY9o%2F1Dz6Nlv7srhUEQjJ9BjL6oQWpRPxkHZvMdD0svCkjCmlWZWvTnckOv%2FWtriZP0JvcR7XIV%2F4gAiYRLdYxn2XwileO0DIY5ZHk3hfe1X6UPMnYhWUcb18zUBP5afJkV%2Fph85EP7P1iyG5zGwcWLYV%2FcFuiYF5HqH0DgW3oxXXXbeb3k0GGgx%2BQWo98dAd4nO1YV%2F6UvnVdOxsrHGEQRx4eVgqO6e93UDpXxozaRF5cwjOnDX%2FqYOwM5WwE91JIwyhrCJJFgxg%2FE7kBK8V6tmDq7tDXuXhAPhwHBbOCaxQRk%2BR7WzwtPuj%2BU17w8epmwjGt%2FNW7KyFjS8o0P7ga77pPEDhxDomhx7jy2knvEqFffFo17j5eMC2gWy7xugBvAgmLkN01zZRCbZTfsYRq4HNBStNavewa4K5pUjK97kWaUWvnksm%2F4ZMnUa1LtEgR1Nhuu1PgpIB1M6kosQPmPqjPekQGrrNd7WdEjtDmGO49qBG8QrqBAk3aPDKuHo5%2Fx3GG8xCMR%2Bu66bvJuU%2Bd19IF0oOQbMr0WFh9MmexgtgXgOE99VLMW5ed8qaK%2FY%2BMJYyhqlgQJYFUO6KLcwov2qPeYQZLCiXEHHUlYj6nncqr6v0SdivWsSQ2ran5A4xR5lujsr4c%2B%2F8LQDUnWrS92a3yuRwClC14JgRAZfZAv2ooT4jW7ELywG5q7nwwscDDqQY6sQH3MtTToU7Ny%2BY8OFvrtyMWGpjcDcbPtsnrZd3pbLCgIIU4IXNTJ4eXMq%2Fey2hAPYsKMP8GIYuObDWFEY%2FLrDHU8s3yfHQcwEmJyiRtQu1gFqdWBcdS%2FzhuUbE%2Bj89BUd2rzwomUEsxPECjblAYUMI9PqxCi4r21iI87n3vWCmAmHQr51mTBkoavF1klCISjRGatx2ohgRFZDSdB4DILIHBFWpSbudjLnMVCN2bHllZQkc%3D&X-Amz-Algorithm=AWS4-HMAC-SHA256&X-Amz-Date=20231019T060000Z&X-Amz-SignedHeaders=host&X-Amz-Expires=21600&X-Amz-Credential=ASIAZH6WM4PL7LNHXS4Q%2F20231019%2Feu-central-1%2Fs3%2Faws4_request&X-Amz-Signature=5d5649d2694afc260c5e5bf9f5a880ea38b7c4c7ef69da284b80f9d6126fdbc0},
  urldate = {2023-10},
  year = {2023},
  organization = {NTNU}
}